
@article{Sp,
year={2014},
issn={0020-9910},
journal={Inventiones mathematicae},
volume={196},
number={1},
doi={10.1007/s00222-013-0465-0},
title={On special zeros of p-adic {L}-functions of {H}ilbert modular forms},
url={http://dx.doi.org/10.1007/s00222-013-0465-0},
publisher={Springer Berlin Heidelberg},
keywords={11F41; 11F67; 11F70; 11G40},
author={Spieß, M.},
pages={69-138},

}


@article{FJ,
    AUTHOR = {Friedberg, S. and Jacquet, H.},
     TITLE = {Linear periods},
   JOURNAL = {J. Reine Angew. Math.},
  FJOURNAL = {Journal f\"ur die Reine und Angewandte Mathematik},
    VOLUME = {443},
      YEAR = {1993},
     PAGES = {91--139},
      ISSN = {0075-4102},
     CODEN = {JRMAA8},
MRREVIEWER = {Stephen Gelbart},
       DOI = {10.1515/crll.1993.443.91},
       URL = {http://dx.doi.org/10.1515/crll.1993.443.91},
}

@article{SK,
year={1981},
issn={0025-5831},
journal={Mathematische Annalen},
volume={257},
number={1},
doi={10.1007/BF01450650},
title={On eigenspaces of the {H}ecke algebra with respect to a good maximal compact subgroup of a p-adic reductive group},
url={http://dx.doi.org/10.1007/BF01450650},
publisher={Springer-Verlag},
author={Kato, Shin-ichi},
pages={1-7},

}

@article{GK,
year={2014},
journal={American Journal of Mathematics},
volume={136},
number={3},
title={On the universal module of p-adic spherical {H}ecke algebras},
publisher={The Johns Hopkins University Press},
author={Gro{\ss}e-Kl\"onne, E.},
pages={599-652},
}

@article {GK2,
    AUTHOR = {Gro{\ss}e-Kl\"{o}nne, E.},
     TITLE = {On special representations of {$p$}-adic reductive groups},
   JOURNAL = {Duke Math. J.},
  FJOURNAL = {Duke Mathematical Journal},
    VOLUME = {163},
      YEAR = {2014},
    NUMBER = {12},
     PAGES = {2179--2216},
}

@article{AG,
year={1994},
issn={0020-9910},
journal={Inventiones mathematicae},
volume={116},
number={1},
doi={10.1007/BF01231556},
title={p-adic {L}-functions for {$GL(2n)$}},
url={http://dx.doi.org/10.1007/BF01231556},
publisher={Springer-Verlag},
author={Ash, A. and Ginzburg, D.},
pages={27-73},

}

@article{MTT,
year={1986},
issn={0020-9910},
journal={Inventiones mathematicae},
volume={84},
number={1},
doi={10.1007/BF01388731},
title={On p-adic analogues of the conjectures of {B}irch and {S}winnerton-{D}yer},
url={http://dx.doi.org/10.1007/BF01388731},
publisher={Springer-Verlag},
author={Mazur, B. and Tate, J. and Teitelbaum, J.},
pages={1-48},

}

@article{MSD,
year={1974},
issn={0020-9910},
journal={Inventiones mathematicae},
volume={25},
number={1},
doi={10.1007/BF01389997},
title={Arithmetic of {W}eil curves},
url={http://dx.doi.org/10.1007/BF01389997},
publisher={Springer-Verlag},
author={Mazur, B. and Swinnerton-Dyer, P.},
pages={1-61},

}

@article {D,
    AUTHOR = {Darmon, H.},
     TITLE = {Integration on {$H_{ p}\times H$} and arithmetic
              applications},
   JOURNAL = {Ann. of Math. (2)},
  FJOURNAL = {Annals of Mathematics. Second Series},
    VOLUME = {154},
      YEAR = {2001},
    NUMBER = {3},
     PAGES = {589--639},
      ISSN = {0003-486X},
     CODEN = {ANMAAH},
   MRCLASS = {11G40 (11F67 11F85 11G18 11R37)},
  MRNUMBER = {1884617 (2003j:11067)},
MRREVIEWER = {Jeremy T. Teitelbaum},
       DOI = {10.2307/3062142},
       URL = {http://dx.doi.org/10.2307/3062142},
}

@article{GRG,
year={2014},
journal={American Journal of Mathematics},
volume={136},
number={3},
TITLE={On the arithmetic of {S}halika models and the critical values of {L}-functions for {$GL_{2n}$}},
publisher={The Johns Hopkins University Press},
author={Grobner, H. and  Raghuram, A. and  Gan, W. T.},
pages={599-652},

}

@article{JR,
author = {Jacquet, H. and  Rallis, S.},
journal = {Compositio Mathematica},
keywords = {local field; representation; linear form; distribution; symmetric variety; symmetric space},
language = {eng},
number = {1},
pages = {65-123},
publisher = {Noordhoff International},
title = {Uniqueness of linear periods},
url = {http://eudml.org/doc/90448},
volume = {102},
year = {1996},
}



@article {N,
    AUTHOR = {Nien, Chufeng},
     TITLE = {Uniqueness of {S}halika models},
   JOURNAL = {Canad. J. Math.},
  FJOURNAL = {Canadian Journal of Mathematics. Journal Canadien de
              Math\'ematiques},
    VOLUME = {61},
      YEAR = {2009},
    NUMBER = {6},
     PAGES = {1325--1340},
      ISSN = {0008-414X},
     CODEN = {CJMAAB},
MRREVIEWER = {Daniel Bump},
       DOI = {10.4153/CJM-2009-062-1},
       URL = {http://dx.doi.org/10.4153/CJM-2009-062-1},
}
	

@article {BL,
    AUTHOR = {Barthel, L. and Livn{\'e}, R.},
     TITLE = {Modular representations of {${\rm GL}_2$} of a local field:
              the ordinary, unramified case},
   JOURNAL = {J. Number Theory},
  FJOURNAL = {Journal of Number Theory},
    VOLUME = {55},
      YEAR = {1995},
    NUMBER = {1},
     PAGES = {1--27},
      ISSN = {0022-314X},
     CODEN = {JNUTA9},
MRREVIEWER = {Marie-France Vign{\'e}ras},
       DOI = {10.1006/jnth.1995.1124},
       URL = {http://dx.doi.org/10.1006/jnth.1995.1124},
}

@article {H,
    AUTHOR = {Herzig, F.},
     TITLE = {A {S}atake isomorphism in characteristic {$p$}},
   JOURNAL = {Compos. Math.},
  FJOURNAL = {Compositio Mathematica},
    VOLUME = {147},
      YEAR = {2011},
    NUMBER = {1},
     PAGES = {263--283},
      ISSN = {0010-437X},
       DOI = {10.1112/S0010437X10004951},
       URL = {http://dx.doi.org/10.1112/S0010437X10004951},
}

@article{BL1,
ajournal = "Duke Math. J.",
author = "Barthel, L. and Livné, R.",
doi = "10.1215/S0012-7094-94-07508-X",
journal = "Duke Mathematical Journal",
month = "08",
number = "2",
pages = "261--292",
publisher = "Duke University Press",
title = "Irreducible modular representations of $\mathrm{GL}_2$ of a local field",
url = "http://dx.doi.org/10.1215/S0012-7094-94-07508-X",
volume = "75",
year = "1994"
}

@article{Ro,
author = {Rohlfs, J.},
journal = {Journal für die reine und angewandte Mathematik},
pages = {149-182},
title = {Projective limits of locally symmetric spaces and cohomology.},
url = {http://eudml.org/doc/153859},
volume = {479},
year = {1996},
}

@article{BS,
year={1973},
issn={0010-2571},
journal={Commentarii Mathematici Helvetici},
volume={48},
number={1},
doi={10.1007/BF02566134},
title={Corners and arithmetic groups},
url={http://dx.doi.org/10.1007/BF02566134},
publisher={Birkhäuser-Verlag},
author={Borel, A. and Serre, J-P.},
pages={436-491},
}

@article{BS2,
title = "Cohomologie d'immeubles et de groupes {S}-arithmétiques ",
journal = "Topology ",
volume = "15",
number = "3",
pages = "211 - 232",
year = "1976",
note = "",
issn = "0040-9383",
doi = "http://dx.doi.org/10.1016/0040-9383(76)90037-9",
url = "http://www.sciencedirect.com/science/article/pii/0040938376900379",
author={Borel, A. and Serre, J-P.},
}

@incollection{R,
year={1990},
isbn={978-3-540-53422-8},
booktitle={Cohomology of Arithmetic Groups and Automorphic Forms},
volume={1447},
series={Lecture Notes in Mathematics},
editor={Labesse, Jean-Pierre and Schwermer, Joachim},
doi={10.1007/BFb0085734},
title={Modular symbols and the {S}teinberg representation},
url={http://dx.doi.org/10.1007/BFb0085734},
publisher={Springer Berlin Heidelberg},
author={Reeder, M.},
pages={287-302},
language={English}
}

@book{BW,
  title={Continuous Cohomology, Discrete Subgroups, and Representations of Reductive Groups},
  author={Borel, A. and Wallach, N.R.},
  isbn={9780821808511},
  lccn={98044527},
  series={Mathematical surveys and monographs},
  url={http://books.google.de/books?id=\_EZY9LhAxosC},
  year={2000},
  publisher={American Mathematical Society}
}

@incollection{C,
    address = {Boston, MA},
    author = {Clozel, Laurent},
    booktitle = {Automorphic forms, {S}himura varieties, and {L}-functions, Vol. I (Ann Arbor, MI, 1988)},
    pages = {77--159},
    priority = {2},
    publisher = {Academic Press},
    series = {Perspect. Math.},
    title = {{Motifs et formes automorphes: applications du principe de fonctorialit\'{e}}},
    volume = {10},
    year = {1990}
}

@article {BSch,
    AUTHOR = {Breuil, C. and Schneider, P.},
     TITLE = {First steps towards {$p$}-adic {L}anglands functoriality},
   JOURNAL = {J. Reine Angew. Math.},
  FJOURNAL = {Journal f\"ur die Reine und Angewandte Mathematik. [Crelle's
              Journal]},
    VOLUME = {610},
      YEAR = {2007},
     PAGES = {149--180},
      ISSN = {0075-4102},
     CODEN = {JRMAA8},
MRREVIEWER = {Jacques Tilouine},
       DOI = {10.1515/CRELLE.2007.070},
       URL = {http://dx.doi.org/10.1515/CRELLE.2007.070},
}

@incollection{Se2,
year={1972},
isbn={978-3-540-05720-8},
booktitle={Séminaire Bourbaki vol. 1970/71 Exposés 382–399},
volume={244},
series={Lecture Notes in Mathematics},
doi={10.1007/BFb0058710},
title={Cohomologie des groupes discrets},
url={http://dx.doi.org/10.1007/BFb0058710},
publisher={Springer Berlin Heidelberg},
author={Serre, Jean-Pierre},
pages={337-350},
}

@incollection {BM,
    AUTHOR = {Barbasch, D. and Moy, A.},
     TITLE = {Whittaker models with an {I}wahori fixed vector},
 BOOKTITLE = {Representation theory and analysis on homogeneous spaces
              ({N}ew {B}runswick, {NJ}, 1993)},
    SERIES = {Contemp. Math.},
    VOLUME = {177},
     PAGES = {101--105},
 PUBLISHER = {Amer. Math. Soc., Providence, RI},
      YEAR = {1994},
MRREVIEWER = {Ernst-Wilhelm Zink},
       DOI = {10.1090/conm/177/01917},
       URL = {http://dx.doi.org/10.1090/conm/177/01917},
}

@book{KB,
  title={Cohomology of Groups},
  author={Brown, Kenneth S.},
  isbn={9780387906881},
  lccn={82000733},
  series={Graduate Texts in Mathematics},
  url={http://books.google.de/books?id=6x0mfOUFYgsC},
  year={1982},
  publisher={Springer}
}

@incollection{Bo,
year={1981},
isbn={978-1-4612-5989-3},
booktitle={Manifolds and Lie Groups},
volume={14},
series={Progress in Mathematics},
editor={Hano, Jun-ichi and Morimoto, A. and Murakami, S. and Okamoto, K. and Ozeki, H.},
doi={10.1007/978-1-4612-5987-9_2},
title={Stable Real Cohomology of Arithmetic Groups {II}},
url={http://dx.doi.org/10.1007/978-1-4612-5987-9_2},
publisher={Birkhäuser Boston},
author={Borel, A.},
pages={21-55},
}

@article {KS,
    AUTHOR = {Kim, H. H. and Shahidi, F.},
     TITLE = {Functorial products for {${\rm GL}\sb 2\times{\rm GL}\sb 3$}
              and the symmetric cube for {${\rm GL}\sb 2$}},
      NOTE = {With an appendix by Colin J. Bushnell and Guy Henniart},
   JOURNAL = {Ann. of Math. (2)},
  FJOURNAL = {Annals of Mathematics. Second Series},
    VOLUME = {155},
      YEAR = {2002},
    NUMBER = {3},
     PAGES = {837--893},
      ISSN = {0003-486X},
     CODEN = {ANMAAH},
MRREVIEWER = {A. Raghuram},
       DOI = {10.2307/3062134},
       URL = {http://dx.doi.org/10.2307/3062134},
}

@article {Kim,
    AUTHOR = {Kim, Henry H.},
     TITLE = {Functoriality for the exterior square of {${\rm GL}\sb 4$} and
              the symmetric fourth of {${\rm GL}\sb 2$}},
      NOTE = {With appendix 1 by Dinakar Ramakrishnan and appendix 2 by Kim
              and Peter Sarnak},
   JOURNAL = {J. Amer. Math. Soc.},
  FJOURNAL = {Journal of the American Mathematical Society},
    VOLUME = {16},
      YEAR = {2003},
    NUMBER = {1},
     PAGES = {139--183},
      ISSN = {0894-0347},
MRREVIEWER = {Mahdi Asgari},
       DOI = {10.1090/S0894-0347-02-00410-1},
       URL = {http://dx.doi.org/10.1090/S0894-0347-02-00410-1},
}

@incollection{RaSh,
year={2008},
isbn={978-0-8176-4496-3},
booktitle={Eisenstein Series and Applications},
volume={258},
series={Progress in Mathematics},
editor={Gan, Wee Teck and Kudla, Stephen S. and Tschinkel, Yuri},
doi={10.1007/978-0-8176-4639-4_10},
title={Functoriality and Special Values of L-Functions},
url={http://dx.doi.org/10.1007/978-0-8176-4639-4_10},
publisher={Birkhäuser Boston},
author={Raghuram, A. and Shahidi, F.},
pages={271-293},
}

@incollection {JS,
    AUTHOR = {Jacquet, H. and Shalika, J.},
     TITLE = {Exterior square {$L$}-functions},
 BOOKTITLE = {Automorphic forms, {S}himura varieties, and {$L$}-functions,
              {V}ol.\ {II} ({A}nn {A}rbor, {MI}, 1988)},
    SERIES = {Perspect. Math.},
    VOLUME = {11},
     PAGES = {143--226},
 PUBLISHER = {Academic Press, Boston, MA},
      YEAR = {1990},
MRREVIEWER = {Stephen Gelbart},
}

@article {Wh,
    AUTHOR = {Whitney, H.},
     TITLE = {Analytic extensions of differentiable functions defined in
              closed sets},
   JOURNAL = {Trans. Amer. Math. Soc.},
  FJOURNAL = {Transactions of the American Mathematical Society},
    VOLUME = {36},
      YEAR = {1934},
    NUMBER = {1},
     PAGES = {63--89},
}

@book{Lee,
  title={Introduction to Smooth Manifolds},
  author={Lee, John M.},
  isbn={9780387954486},
  lccn={2002070454},
  series={Graduate Texts in Mathematics},
  url={http://books.google.de/books?id=eqfgZtjQceYC},
  year={2003},
  publisher={Springer}
}

@article{Sun,
  author    = {Binyong Sun},
  title     = {Cohomologically induced distinguished representations and a non-vanishing hypothesis for algebraicity of critical {L}-values},
  journal   = {preprint},
  volume    = {},
pages={http://arxiv.org/abs/1111.2636},
  year      = {2011},
  ee        = {http://arxiv.org/abs/1111.2636},

}

@article{Gr,
ajournal = "Duke Math. J.",
author = "Greenberg, Matthew",
doi = "10.1215/00127094-2009-017",
journal = "Duke Mathematical Journal",
month = "04",
number = "3",
pages = "541--575",
publisher = "Duke University Press",
title = "Stark-Heegner points and the cohomology of quaternionic {S}himura varieties",
url = "http://dx.doi.org/10.1215/00127094-2009-017",
volume = "147",
year = "2009"
}

@article{Ha,
year={1987},
issn={0020-9910},
journal={Inventiones mathematicae},
volume={89},
number={1},
doi={10.1007/BF01404673},
title={Eisenstein cohomology of arithmetic groups. The case {GL}2},
url={http://dx.doi.org/10.1007/BF01404673},
author={Harder, G.},
pages={37-118},
}




@article{DS,
  author    = {Dasgupta, S. and Spieß, M.},
  title     = {The {E}isenstein cocycle, partial zeta values and {G}ross-{S}tark units},
  journal   = {Journal of the European Mathematical Society},
  volume    = {},
pages={},
  year      = {to appear},
}

@article{Sp2,
year={2014},
issn={0025-5831},
journal={Mathematische Annalen},
volume={359},
number={1-2},
doi={10.1007/s00208-013-0983-5},
title={Shintani cocycles and the order of vanishing of p-adic {H}ecke {L}-series at s=0},
url={http://dx.doi.org/10.1007/s00208-013-0983-5},
author={Spieß, M.},
pages={239-265},
}

@article{Ca,
year={1973},
issn={0025-5831},
journal={Mathematische Annalen},
volume={201},
number={4},
doi={10.1007/BF01428197},
title={On some results of {A}tkin and {L}ehner},
pages={301-314},
author={Casselman, W.},
}

@article{Mi,
author = "Miyauchi, M.",
doi = "10.2969/jmsj/06610017",
fjournal = "Journal of the Mathematical Society of Japan",
journal = "J. Math. Soc. Japan",
month = "01",
year="2014",
number = "1",
pages = "17--24",
title = "Whittaker functions associated to newforms for ${GL}(n)$ over $p$-adic fields",
volume="66",
}

@article {MT,
    AUTHOR = {Mazur, B. and Tate, J.},
     TITLE = {Refined conjectures of the ``{B}irch and {S}winnerton-{D}yer
              type''},
   JOURNAL = {Duke Math. J.},
  FJOURNAL = {Duke Mathematical Journal},
    VOLUME = {54},
      YEAR = {1987},
    NUMBER = {2},
     PAGES = {711--750},
}

@article {BCDT,
    AUTHOR = {Breuil, C. and Conrad, B. and Diamond, F. and
              Taylor, R.},
     TITLE = {On the modularity of elliptic curves over {$\mathbb{Q}$}: wild
              3-adic exercises},
   JOURNAL = {J. Amer. Math. Soc.},
  FJOURNAL = {Journal of the American Mathematical Society},
    VOLUME = {14},
      YEAR = {2001},
    NUMBER = {4},
     PAGES = {843--939},

}

@article {TW,
    AUTHOR = {Taylor, R. and Wiles, A.},
     TITLE = {Ring-theoretic properties of certain {H}ecke algebras},
   JOURNAL = {Ann. of Math. (2)},
  FJOURNAL = {Annals of Mathematics. Second Series},
    VOLUME = {141},
      YEAR = {1995},
    NUMBER = {3},
     PAGES = {553--572},
}

@article {Wi,
    AUTHOR = {Wiles, A},
     TITLE = {Modular elliptic curves and {F}ermat's last theorem},
   JOURNAL = {Ann. of Math. (2)},
  FJOURNAL = {Annals of Mathematics. Second Series},
    VOLUME = {141},
      YEAR = {1995},
    NUMBER = {3},
     PAGES = {443--551},

}

@preamble{
   "\def\cprime{$'$} "
}
@article {Dr,
    AUTHOR = {Drinfeld, V. G.},
     TITLE = {Two theorems on modular curves},
   JOURNAL = {Funkcional. Anal. i Prilo\v zen.},
  FJOURNAL = {Akademija Nauk SSSR. Funkcional\cprime nyi Analiz i ego
              Prilo\v zenija},
    VOLUME = {7},
      YEAR = {1973},
    NUMBER = {2},
     PAGES = {83--84},

}



@article {Ma,
    AUTHOR = {Manin, J. I.},
     TITLE = {Parabolic points and zeta functions of modular curves},
   JOURNAL = {Izv. Akad. Nauk SSSR Ser. Mat.},
  FJOURNAL = {Izvestiya Akademii Nauk SSSR. Seriya Matematicheskaya},
    VOLUME = {36},
      YEAR = {1972},
     PAGES = {19--66},

}
		

@article {Wu,
    AUTHOR = {Wuthrich, C.},
     TITLE = {On the integrality of modular symbols and {K}ato's {E}uler
              system for elliptic curves},
   JOURNAL = {Doc. Math.},
  FJOURNAL = {Documenta Mathematica},
    VOLUME = {19},
      YEAR = {2014},
     PAGES = {381--402},

}

@incollection {Ed,
    AUTHOR = {Edixhoven, B.},
     TITLE = {On the {M}anin constants of modular elliptic curves},
 BOOKTITLE = {Arithmetic algebraic geometry ({T}exel, 1989)},
    SERIES = {Progr. Math.},
    VOLUME = {89},
     PAGES = {25--39},
 PUBLISHER = {Birkh\"auser Boston},
      YEAR = {1991},
}
@article {Vi,
    AUTHOR = {Vign{\'e}ras, M.-F.},
     TITLE = {A criterion for integral structures and coefficient systems on
              the tree of {${\rm PGL}(2,F)$}},
   JOURNAL = {Pure Appl. Math. Q.},
  FJOURNAL = {Pure and Applied Mathematics Quarterly},
    VOLUME = {4},
      YEAR = {2008},
    NUMBER = {4, Special Issue: In honor of Jean-Pierre Serre. Part 1},
     PAGES = {1291--1316},
MRREVIEWER = {Ralf Gramlich},
}

@article {Ol,
    AUTHOR = {Ollivier, Rachel},
     TITLE = {Resolutions for principal series representations of {$p$}-adic
              {${\rm GL}_n$}},
   JOURNAL = {M\"unster J. Math.},
  FJOURNAL = {M\"unster Journal of Mathematics},
    VOLUME = {7},
      YEAR = {2014},
     PAGES = {225--240},
      ISSN = {1867-5778},
   MRCLASS = {22E50},
  MRNUMBER = {3271245},
}

@article {BG,
    AUTHOR = {Bergunde, F. and Gehrmann, L.},
     TITLE = {On the order of vanishing of {S}tickelberger elements of
              {H}ilbert modular forms},
   JOURNAL = {Proc. Lond. Math. Soc. (3)},
  FJOURNAL = {Proceedings of the London Mathematical Society. Third Series},
    VOLUME = {114},
      YEAR = {2017},
    NUMBER = {1},
     PAGES = {103--132},
      ISSN = {0024-6115},
   MRCLASS = {11F41 (11F67 11G40)},
  MRNUMBER = {3653078},
MRREVIEWER = {Hidenori Katsurada},
       DOI = {10.1112/plms.12004},
       URL = {https://doi.org/10.1112/plms.12004},
}

@article {BG2,
    AUTHOR = {Bergunde, F. and Gehrmann, L.},
     TITLE = {Leading terms of anticyclotomic {S}tickelberger elements and
              {$p$}-adic periods},
   JOURNAL = {Trans. Amer. Math. Soc.},
  FJOURNAL = {Transactions of the American Mathematical Society},
    VOLUME = {370},
      YEAR = {2018},
    NUMBER = {9},
     PAGES = {6297--6329},
      ISSN = {0002-9947},
   MRCLASS = {11F67 (11F75 11G18 11G40)},
  MRNUMBER = {3814331},
       DOI = {10.1090/tran/7120},
       URL = {https://doi.org/10.1090/tran/7120},
}

@incollection {CV,
    AUTHOR = {Cornut, Christophe and Vatsal, Vinayak},
     TITLE = {Nontriviality of {R}ankin-{S}elberg {$L$}-functions and {CM}
              points},
 BOOKTITLE = {{$L$}-functions and {G}alois representations},
    SERIES = {London Math. Soc. Lecture Note Ser.},
    VOLUME = {320},
     PAGES = {121--186},
 PUBLISHER = {Cambridge Univ. Press, Cambridge},
      YEAR = {2007},
   MRCLASS = {11G18 (11F66 11F70 11G15)},
  MRNUMBER = {2392354 (2009m:11088)},
MRREVIEWER = {Benjamin V. Howard},
       DOI = {10.1017/CBO9780511721267.005},
       URL = {http://dx.doi.org/10.1017/CBO9780511721267.005},
}

@book{JL,
  title={Automorphic forms on ${\rm GL}(2)$},
  author={Jacquet, H. and Langlands, R. P.},
  series={Lecture Notes in Mathematics, Vol. 114.},
  year={1970},
  publisher={Springer}
}

@ARTICLE{De,
   author = {Deppe, Holger},
    title = "{p-adic L-functions of automorphic forms and exceptional zeros}",
  journal = {Documenta Mathematica},
pages={689-734},
     year = 2016,
volume={21}
}

@article{Br,
author = {Breuil, C.},
journal = {Annales scientifiques de l'École Normale Supérieure},
language = {fre},
number = {4},
pages = {559-610},
publisher = {Elsevier},
title = {Invariant {$\mathcal{L}$} et série spéciale p-adique},
url = {http://eudml.org/doc/82640},
volume = {37},
year = {2004},
}

@article{Das05,
author = {Dasgupta, Samit},
journal = {Annales scientifiques de l'École Normale Supérieure},
language = {eng},
number = {3},
pages = {427-469},
publisher = {Elsevier},
title = {Stark–Heegner points on modular jacobians},
url = {http://eudml.org/doc/82665},
volume = {38},
year = {2005},
}

@article {BD98,
    AUTHOR = {Bertolini, Massimo and Darmon, Henri},
     TITLE = {Heegner points, {$p$}-adic {$L$}-functions, and the
              {C}erednik-{D}rinfeld uniformization},
   JOURNAL = {Invent. Math.},
  FJOURNAL = {Inventiones Mathematicae},
    VOLUME = {131},
      YEAR = {1998},
    NUMBER = {3},
     PAGES = {453--491},
}

@article {BD99,
    AUTHOR = {Bertolini, Massimo and Darmon, Henri},
     TITLE = {{$p$}-adic periods, {$p$}-adic {$L$}-functions, and the
              {$p$}-adic uniformization of {S}himura curves},
   JOURNAL = {Duke Math. J.},
  FJOURNAL = {Duke Mathematical Journal},
    VOLUME = {98},
      YEAR = {1999},
    NUMBER = {2},
     PAGES = {305--334},
}

@article {MD73,
    AUTHOR = {Manin, Yu. and Drinfeld, V.},
     TITLE = {Periods of {$p$}-adic {S}chottky groups},
      NOTE = {Collection of articles dedicated to Helmut Hasse on his
              seventy-fifth birthday},
   JOURNAL = {J. Reine Angew. Math.},
  FJOURNAL = {Journal f\"ur die Reine und Angewandte Mathematik},
    VOLUME = {262/263},
      YEAR = {1973},
     PAGES = {239--247},
}

@article {BZ,
    AUTHOR = {Boutot, J.F. and Zink, Th.},
     TITLE = {The p-adic uniformisation of {S}himura curves},
   JOURNAL = { Universität Bielefeld},
    VOLUME ={ Sonderforschungsbereich 343}, 
      YEAR = {1995},
     PAGES = {95-107}
}

@Article{GS,
author="Greenberg, Ralph
and Stevens, Glenn",
title="p-adic {L}-functions and p-adic periods of modular forms",
journal="Inventiones mathematicae",
year="1993",
volume="111",
number="1",
pages="407--447",
issn="1432-1297",
doi="10.1007/BF01231294",
url="http://dx.doi.org/10.1007/BF01231294"
}



@ARTICLE{FMP,
   author = {{File}, D. and {Martin}, K. and {Pitale}, A.},
    title = "{Test vectors and central {L}-values for {GL(2})}",
  journal = {ArXiv e-prints},
archivePrefix = "arXiv",
   eprint = {1310.1765},
 primaryClass = "math.NT",
 keywords = {Mathematics - Number Theory},
     year = 2013,
    month = oct,
   adsurl = {http://adsabs.harvard.edu/abs/2013arXiv1310.1765F},
  adsnote = {Provided by the SAO/NASA Astrophysics Data System}
}

@ARTICLE{vO,
   author = {{Van Order}, J.},
    title = "{p-adic interpolation of automorphic periods for {GL(2)}}",
  journal = {ArXiv e-prints},
archivePrefix = "arXiv",
   eprint = {1409.2507},
 primaryClass = "math.NT",
 keywords = {Mathematics - Number Theory},
     year = 2014,
    month = sep,
   adsurl = {http://adsabs.harvard.edu/abs/2014arXiv1409.2507V},
  adsnote = {Provided by the SAO/NASA Astrophysics Data System}
}

@ARTICLE{Santi,
   author = {{Molina Blanco}, S.},
    title = "{Anticyclotomic p-adic {L}-functions and the exceptional zero phenomenon}",
  journal = {ArXiv e-prints},
archivePrefix = "arXiv",
   eprint = {1509.08617},
 primaryClass = "math.NT",
 keywords = {Mathematics - Number Theory},
     year = 2015,
    month = sep,
   adsurl = {http://adsabs.harvard.edu/abs/2015arXiv150908617M},
  adsnote = {Provided by the SAO/NASA Astrophysics Data System}
}

@article{Tu,
 author = {Jerrold B. Tunnell},
 journal = {American Journal of Mathematics},
 number = {6},
 pages = {1277-1307},
 publisher = {Johns Hopkins University Press},
 title = {Local $\epsilon$-Factors and Characters on {GL(2)}},
 volume = {105},
 year = {1983}
}

@article{Sa,
author = {Saito, Hiroshi},
journal = {Compositio Mathematica},
keywords = {local field; irreducible admissible representation; characters; -factors; base change lift; twisted character},
language = {eng},
number = {1},
pages = {99-108},
publisher = {Kluwer Academic Publishers},
title = {On Tunnell’s formula for characters of {GL}(2)},
url = {http://eudml.org/doc/90193},
volume = {85},
year = {1993},
}


@book{Trees,
  title={Trees},
  author={Serre, J.-P.},
  isbn={9783642618567},
  series={Springer Monographs in Mathematics},
  url={https://books.google.de/books?id=amP7CAAAQBAJ},
  year={2013},
  publisher={Springer Berlin Heidelberg}
}

@article{Haran,
author = {Haran, Shai},
journal = {Compositio Mathematica},
keywords = {modular form; Hecke eigenform; -adic L-function; Galois group},
language = {eng},
number = {1},
pages = {31-46},
publisher = {Martinus Nijhoff Publishers},
title = {$p$-adic $L$-functions for modular forms},
url = {http://eudml.org/doc/89832},
volume = {62},
year = {1987},
}

@article{Hida,
author = {Hida, Haruzo},
journal = {Pure and Applied Math Quarterly},
language = {eng},
number = {},
pages = {1343-1384},
title = {{L}-invariants of {T}ate curves},
volume = {5},
year = {2009},
}


@book {AC,
    AUTHOR = {Arthur, J. and Clozel, L.},
     TITLE = {Simple algebras, base change, and the advanced theory of the
              trace formula},
    SERIES = {Annals of Mathematics Studies},
    VOLUME = {120},
 PUBLISHER = {Princeton University Press, Princeton, NJ},
      YEAR = {1989},
     PAGES = {xiv+230},
      ISBN = {0-691-08517-X; 0-691-08518-8},
}

@phdthesis{Felix,
  author       = {Bergunde, Felix}, 
  title        = {On leading terms of quaternionic Stickelberger elements over number fields},
  school       = {University Bielefeld},
  year         = 2017
}

@article{Akbary,
author = {Akbary, Amir},
journal =  {Proceedings of the American Mathematical Society},
language = {eng},
number = {11},
pages = {3143-3151},
title = {Simultaneous non-vanishing of twists},
volume = {134},
year = {2006},
}

@article{Rohrlich,
author = {Rohrlich, David E.},
journal = {Journal für die reine und angewandte Mathematik},
keywords = {L-function; Mordell-Weil groups; twisted L-function; cuspidal automorphic representation; elliptic curve; good reduction},
pages = {1-26},
title = {Nonvanishing of {L}-functions and structure of {M}ordell-{W}eil groups.},
url = {http://eudml.org/doc/153322},
volume = {417},
year = {1991},
}

@article{FH,
 author = {Solomon Friedberg and Jeffrey Hoffstein},
 journal = {Annals of Mathematics},
 number = {2},
 pages = {385-423},
 publisher = {Annals of Mathematics},
 title = {Nonvanishing Theorems for Automorphic {L}-Functions on {GL(2)}},
 volume = {142},
 year = {1995}
}


@article{Br2,
author = {Breuil, C.},
journal = {Astérisque},
pages = {65-115},
title = {Série spéciale p-adique et cohomologie étale complétée},
url = {http://eudml.org/doc/82640},
volume = {331},
year = {2010},
}



@article{BDI,
author = {Bertolini, M. and Darmon, H. and Iovita, A.},
journal = {Astérisque},
pages = {29-64},
title = {Families of automorphic forms on definite
quaternion algebras and {T}eitelbaum’s conjecture},
url = {http://eudml.org/doc/82640},
volume = {331},
year = {2010},
}

@Article{LInv,
author="Barr{\'e}-Sirieix, Katia
and Diaz, Guy
and Gramain, Fran{\c{c}}ois
and Philibert, Georges",
title="Une preuve de la conjecture de {M}ahler-{M}anin",
journal="Inventiones mathematicae",
year="1996",
volume="124",
number="1",
pages="1--9",
}

@ARTICLE{Disegni,
   author = {{Disegni}, D.},
    title = "{On the p-adic {B}irch and {S}winnerton-{D}yer conjecture for elliptic curves over number fields}",
  journal = {ArXiv e-prints},
archivePrefix = "arXiv",
   eprint = {1609.02528},
     year = 2016,
    month = sep,
}

@article{Teitelbaum,
author = {Teitelbaum, Jeremy T.},
journal = {Inventiones mathematicae},
number = {2},
pages = {395-410},
title = {Values of p-adic {L}-functions and a p-adic {P}oisson kernel.},
volume = {101},
year = {1990},
}

@Article{Orton,
  author =       "Louisa Orton",
  title =        "An elementary proof of a weak exceptional zero
                 conjecture",
  journal =    "Canadian Journal of Mathematics",
  volume =       "56",
  pages =        "373--405",
  year =         "2004"
}

@article{GMS,
author = {Guitart, Xavier and Masdeu, Marc and Şengün, Mehmet Haluk},
title = {Darmon points on elliptic curves over number fields of arbitrary signature},
journal = {Proceedings of the London Mathematical Society},
volume = {111},
number = {2},
pages = {484-518},
year = {2015}
}

@article{DG,
author = {Dasgupta, Samit and Greenberg, Matthew},
title = {L-invariants and {S}himura curves},
journal = {Algebra and Number Theory},
volume = {6},
number = {3},
pages = {455-485},
year = {2012},
}

@article {Ko,
    AUTHOR = {Kohlhaase, Jan},
     TITLE = {The cohomology of locally analytic
representations},
   JOURNAL = {J. Reine Angew. Math.},
  FJOURNAL = {Journal f\"ur die Reine und Angewandte Mathematik [Crelle's
              Journal]},
    VOLUME = {651},
      YEAR = {2011},
     PAGES = {187--240},
}

@article{ST,
author = {Schneider, P. and Teitelbaum, J.},
year = {2002},
pages = {443-468},
title = {Locally analytic distributions and p-adic representation theory, with applications to {GL(2)}},
volume = {15},
number={2},
journal = {Journal of the American Mathematical Society}
}

@article{SS,
author = {Schneider, P. and Stuhler, U.},
journal = {Journal für die reine und angewandte Mathematik},
keywords = {non-archimedean local field; category of linear representations; principal congruence subgroup; resolution; Ext-groups; Bruhat-Tits building; homology complex},
language = {eng},
pages = {19-32},
title = {Resolutions for smooth representations of the general linear group over a local field.},
url = {http://eudml.org/doc/153494},
volume = {436},
year = {1993},
}

@article{SScoh,
author = {Schneider, P. and Stuhler, U.},
journal = {Inventiones mathematicae},
keywords = {cohomology of -adic symmetric spaces; -adic cohomology; Steinberg representation; de Rham cohomology; étale cohomology; Bruhat-Tits building; -adic Shimura isomorphisms},
number = {1},
pages = {47-122},
title = {The cohomology of p-adic symmetric spaces.},
url = {http://eudml.org/doc/143904},
volume = {105},
year = {1991},
}

@article{SSred,
     author = {Schneider, P. and Stuhler, U.},
     title = {Representation theory and sheaves on the {B}ruhat-{T}its building},
     journal = {Publications Math\'ematiques de l'IH\'ES},
     publisher = {Institut des Hautes \'Etudes Scientifiques},
     volume = {85},
     year = {1997},
     pages = {97-191},
     zbl = {0892.22012},
     mrnumber = {98m:22023},
     language = {en},
     url = {http://www.numdam.org/item/PMIHES_1997__85__97_0}
}

@Article{Ge,
author="Gehrmann, L.",
title="On {S}halika models and p-adic {L}-functions",
journal="Israel Journal of Mathematics",
year="2018",
month="Jun",
day="01",
volume="226",
number="1",
pages="237--294",
}

@ARTICLE{Ge2,
   author = {{Gehrmann}, L.},
    title = "{Functoriality of automorphic $L$-invariants and applications}",
  journal   = {Documenta Mathematica},
  volume    = {24},
pages={1225-1243},
     year = {2019},
}

@ARTICLE{Ge3,
   author = {{Gehrmann}, L.},
     TITLE = {Derived {H}ecke algebra and automorphic
              {L}-invariants},
   JOURNAL = {Trans. Amer. Math. Soc.},
  FJOURNAL = {Transactions of the American Mathematical Society},
    VOLUME = {372},
      YEAR = {2019},
    NUMBER = {11},
     PAGES = {7767--7784},
      ISSN = {0002-9947},
   MRCLASS = {11F67 (11F41 11F75 11F85)},
  MRNUMBER = {4029680},
       DOI = {10.1090/tran/7815},
       URL = {https://doi.org/10.1090/tran/7815},
}

@article{Ge4,
  author    = {{Gehrmann}, L.},
  title     = {Automorphic {L}-invariants for reducitve groups},
  journal   = {preprint},
  volume    = {},
pages={},
  year      = {2019},

}

@ARTICLE{Ve,
   author = {{Venkatesh}, A.},
    title = "{Derived Hecke algebra and cohomology of arithmetic groups}",
  journal = {ArXiv e-prints},
archivePrefix = "arXiv",
   eprint = {1608.07234},
 primaryClass = "math.NT",
 keywords = {Mathematics - Number Theory},
     year = 2016,
    month = aug
}

@ARTICLE{BDJ,
   author = {{Barrera}, D. and {Dimitrov}, M. and {Jorza}, A.},
    title = "{$p$-adic $L$-functions for Nearly Finite Slope Hilbert Modular Forms and Exceptional Zero Conjectures}",
  journal = {ArXiv e-prints},
archivePrefix = "arXiv",
   eprint = {1709.08105},
 primaryClass = "math.NT",
 keywords = {Mathematics - Number Theory},
     year = 2017,
    month = sep,
   adsurl = {http://adsabs.harvard.edu/abs/2017arXiv170908105B},
  adsnote = {Provided by the SAO/NASA Astrophysics Data System}
}

@article{BWi,
year={to appear},
author={{Barrera}, D. and {Williams}, C.},
journal={Transactions of the American Mathematical Society},
title={Exceptional zeros and {L}-invariants of {B}ianchi modular forms},
language={English}
}

@article{BWi0,
 title={$p$ -adic $L$ -functions for $\text{GL}_{2}$}, 
volume={71}, DOI={10.4153/CJM-2017-062-0}, number={5},
 journal={Canadian Journal of Mathematics}, 
publisher={Canadian Mathematical Society},
 author={Barrera Salazar, D. and Williams, C.}, year={2019}, pages={1019–1059}}

@article{Orlik,
title = "On extensions of generalized {S}teinberg representations",
journal = "Journal of Algebra",
volume = "293",
number = "2",
pages = "611 - 630",
year = "2005",
issn = "0021-8693",
doi = "https://doi.org/10.1016/j.jalgebra.2005.03.028",
url = "http://www.sciencedirect.com/science/article/pii/S0021869305002164",
author = "S. Orlik"
}

@article{Dat,
     author = {Dat, J. F.},
     title = {Espaces sym\'etriques de {D}rinfeld et correspondance de {L}anglands locale},
     journal = {Annales scientifiques de l'\'Ecole Normale Sup\'erieure},
     publisher = {Elsevier},
     volume = {4e s{\'e}rie, 39},
     number = {1},
     year = {2006},
     pages = {1-74},
     doi = {10.1016/j.ansens.2005.11.002},
     zbl = {05037726},
     mrnumber = {2224658},
     language = {fr},
     url = {http://www.numdam.org/item/ASENS_2006_4_39_1_1_0}
}

@article {BoCN,
    AUTHOR = {Borel, A.},
     TITLE = {Some finiteness properties of adele groups over number fields},
   JOURNAL = {Inst. Hautes \'{E}tudes Sci. Publ. Math.},
  FJOURNAL = {Institut des Hautes \'{E}tudes Scientifiques. Publications
              Math\'{e}matiques},
   volume = {16},
      YEAR = {1963},
     PAGES = {5--30},
      ISSN = {0073-8301},
   MRCLASS = {20.75 (10.25)},
  MRNUMBER = {0202718},
MRREVIEWER = {T. Ono},
       URL = {http://www.numdam.org/item?id=PMIHES_1963__16__5_0},
}

@Article{AdS,
author="Alon, G.
and de Shalit, E.",
title="Cohomology of discrete groups in harmonic cochains on buildings",
journal="Israel Journal of Mathematics",
year="2003",
month="Dec",
day="01",
volume="135",
number="1",
pages="355--380"
}

@ARTICLE{Ding,
       author = {Ding, Y.},
        title = "{Simple $\mathcal{L}$-invariants for $\mathrm{GL}_n$}",
  journal   = {Transactions of the American Mathematical Society},
  volume    = {to appear},
pages={},
  year      = {2019}
}

@article {Ait,
    AUTHOR = {A\"{\i}t Amrane, Y.},
     TITLE = {Generalized {S}teinberg representations for split reductive
              groups},
   JOURNAL = {C. R. Math. Acad. Sci. Paris},
  FJOURNAL = {Comptes Rendus Math\'{e}matique. Acad\'{e}mie des Sciences. Paris},
    VOLUME = {348},
      YEAR = {2010},
    NUMBER = {5-6},
     PAGES = {243--248},
      ISSN = {1631-073X},
   MRCLASS = {22E50 (11F85 20G05)},
  MRNUMBER = {2600115},
MRREVIEWER = {Jeremy T. Teitelbaum},
       DOI = {10.1016/j.crma.2010.01.019},
       URL = {https://doi.org/10.1016/j.crma.2010.01.019},
}

@article{Br3,
author = {Breuil, C.},
journal={American Journal of Mathematics},
TITLE = {{$\rm Ext^1$} localement analytique et compatibilit\'{e}
              local-global},
  FJOURNAL = {American Journal of Mathematics},
    VOLUME = {141},
      YEAR = {2019},
    NUMBER = {3},
     PAGES = {611--703},
      ISSN = {0002-9327},
   MRCLASS = {11S37 (14D24)},
  MRNUMBER = {3956517},
       DOI = {10.1353/ajm.2019.0020},
       URL = {https://doi.org/10.1353/ajm.2019.0020},
}

@article {Schraen,
    AUTHOR = {Schraen, Benjamin},
     TITLE = {Repr\'{e}sentations localement analytiques de {${\rm GL}_3(\Bbb
              Q_p)$}},
   JOURNAL = {Ann. Sci. \'{E}c. Norm. Sup\'{e}r. (4)},
  FJOURNAL = {Annales Scientifiques de l'\'{E}cole Normale Sup\'{e}rieure. Quatri\`eme
              S\'{e}rie},
    VOLUME = {44},
      YEAR = {2011},
    NUMBER = {1},
     PAGES = {43--145},
      ISSN = {0012-9593},
   MRCLASS = {22E50 (11S20)},
  MRNUMBER = {2760195},
MRREVIEWER = {Volker J. Heiermann},
       DOI = {10.24033/asens.2140},
       URL = {https://doi.org/10.24033/asens.2140},
}

@article {GKomega,
    AUTHOR = {Grosse-Kl\"{o}nne, E.},
     TITLE = {On the {$p$}-adic cohomology of some {$p$}-adically
              uniformized varieties},
   JOURNAL = {J. Algebraic Geom.},
  FJOURNAL = {Journal of Algebraic Geometry},
    VOLUME = {20},
      YEAR = {2011},
    NUMBER = {1},
     PAGES = {151--198},
      ISSN = {1056-3911},
   MRCLASS = {14F30 (14G22 14L05)},
  MRNUMBER = {2729278},
MRREVIEWER = {Alessandra Bertapelle},
       DOI = {10.1090/S1056-3911-10-00541-2},
       URL = {https://doi.org/10.1090/S1056-3911-10-00541-2},
}

@incollection {BuzzGee,
    AUTHOR = {Buzzard, K. and Gee, T.},
     TITLE = {The conjectural connections between automorphic
              representations and {G}alois representations},
 BOOKTITLE = {Automorphic forms and {G}alois representations. {V}ol. 1},
    SERIES = {London Math. Soc. Lecture Note Ser.},
    VOLUME = {414},
     PAGES = {135--187},
 PUBLISHER = {Cambridge Univ. Press, Cambridge},
      YEAR = {2014},
   MRCLASS = {11F33},
}

@article {Caraiani,
    AUTHOR = {Caraiani, A.},
     TITLE = {Monodromy and local-global compatibility for {$l=p$}},
   JOURNAL = {Algebra Number Theory},
  FJOURNAL = {Algebra \& Number Theory},
    VOLUME = {8},
      YEAR = {2014},
    NUMBER = {7},
     PAGES = {1597--1646},
      ISSN = {1937-0652},
   MRCLASS = {11F80 (11G18 11R39)},
  MRNUMBER = {3272276},
MRREVIEWER = {Fausto Jarqu\'{\i}n Z\'{a}rate},
       DOI = {10.2140/ant.2014.8.1597},
       URL = {https://doi.org/10.2140/ant.2014.8.1597},
}

@article {GhKu,
    AUTHOR = {Ghate, E. and Kumar, N.},
     TITLE = {{$(p,p)$}-{G}alois representations attached to automorphic
              forms on {${\rm GL}_n$}},
   JOURNAL = {Pacific J. Math.},
  FJOURNAL = {Pacific Journal of Mathematics},
    VOLUME = {252},
      YEAR = {2011},
    NUMBER = {2},
     PAGES = {379--406},
      ISSN = {0030-8730},
   MRCLASS = {11F80 (11F70 22E55)},
  MRNUMBER = {2860430},
MRREVIEWER = {Gabor Wiese},
       DOI = {10.2140/pjm.2011.252.379},
       URL = {https://doi.org/10.2140/pjm.2011.252.379},
}

@article {BLGGT,
    AUTHOR = {Barnet-Lamb, T. and Gee, T. and Geraghty, D. and
              Taylor, R.},
     TITLE = {Potential automorphy and change of weight},
   JOURNAL = {Ann. of Math. (2)},
  FJOURNAL = {Annals of Mathematics. Second Series},
    VOLUME = {179},
      YEAR = {2014},
    NUMBER = {2},
     PAGES = {501--609},
      ISSN = {0003-486X},
   MRCLASS = {11F33},
  MRNUMBER = {3152941},
MRREVIEWER = {Wen-Wei Li},
       DOI = {10.4007/annals.2014.179.2.3},
       URL = {https://doi.org/10.4007/annals.2014.179.2.3},
}


@inbook{CaEm, place={Cambridge}, series={London Mathematical Society Lecture Note Series}, title={Completed cohomology – a survey}, DOI={10.1017/CBO9780511984440.010}, booktitle={Non-abelian Fundamental Groups and Iwasawa Theory}, publisher={Cambridge University Press}, author={Calegari, F. and Emerton, M.}, year={2011}, pages={239–257}, collection={London Mathematical Society Lecture Note Series}}

@article {Scholze,
    AUTHOR = {Scholze, P.},
     TITLE = {On torsion in the cohomology of locally symmetric varieties},
   JOURNAL = {Ann. of Math. (2)},
  FJOURNAL = {Annals of Mathematics. Second Series},
    VOLUME = {182},
      YEAR = {2015},
    NUMBER = {3},
     PAGES = {945--1066},
      ISSN = {0003-486X},
   MRCLASS = {11S37},
  MRNUMBER = {3418533},
MRREVIEWER = {Kimball L. Martin},
       DOI = {10.4007/annals.2015.182.3.3},
       URL = {https://doi.org/10.4007/annals.2015.182.3.3},
}

@article {CaSch,
    AUTHOR = {Caraiani, A. and Scholze, P.},
     TITLE = {On the generic part of the cohomology of compact unitary
              {S}himura varieties},
   JOURNAL = {Ann. of Math. (2)},
  FJOURNAL = {Annals of Mathematics. Second Series},
    VOLUME = {186},
      YEAR = {2017},
    NUMBER = {3},
     PAGES = {649--766},
      ISSN = {0003-486X},
   MRCLASS = {11F75 (11G18 11R23 14G35)},
  MRNUMBER = {3702677},
MRREVIEWER = {Nguy\cftil{e}n Qu\^{o}c Th\'{a}ng},
       DOI = {10.4007/annals.2017.186.3.1},
       URL = {https://doi.org/10.4007/annals.2017.186.3.1},
}

@Article{Em,
author="Emerton, M.",
title="On the interpolation of systems of eigenvalues attached to automorphic Hecke eigenforms",
journal="Inventiones mathematicae",
year="2006",
month="Apr",
day="01",
volume="164",
number="1",
pages="1--84",
issn="1432-1297",
doi="10.1007/s00222-005-0448-x",
url="https://doi.org/10.1007/s00222-005-0448-x"
}

@article {OrSchraen,
    AUTHOR = {Orlik, S. and Schraen, B.},
     TITLE = {The {J}ordan-{H}\"{o}lder series of the locally analytic
              {S}teinberg representation},
   JOURNAL = {Doc. Math.},
  FJOURNAL = {Documenta Mathematica},
    VOLUME = {19},
      YEAR = {2014},
     PAGES = {647--671},
      ISSN = {1431-0635},
   MRCLASS = {22E50 (11S37)},
  MRNUMBER = {3247798},
MRREVIEWER = {Goran Mui\'{c}},
}



@article {STadm,
    AUTHOR = {Schneider, P. and Teitelbaum, J.},
     TITLE = {Algebras of {$p$}-adic distributions and admissible
              representations},
   JOURNAL = {Invent. Math.},
  FJOURNAL = {Inventiones Mathematicae},
    VOLUME = {153},
      YEAR = {2003},
    NUMBER = {1},
     PAGES = {145--196},
      ISSN = {0020-9910},
   MRCLASS = {22E50},
  MRNUMBER = {1990669},
MRREVIEWER = {Marko Tadi\'{c}},
       DOI = {10.1007/s00222-002-0284-1},
       URL = {https://doi.org/10.1007/s00222-002-0284-1},
}
		
@Article{BdS,
author="Besser, A.
and de Shalit, E.",
title="$\mathcal{L}$-invariants of p-adically uniformized varieties",
journal="Annales math{\'e}matiques du Qu{\'e}bec",
year="2016",
month="Jun",
day="01",
volume="40",
number="1",
pages="29--54",
}

@incollection {Mazur,
    AUTHOR = {Mazur, B.},
     TITLE = {On monodromy invariants occurring in global arithmetic, and
              {F}ontaine's theory},
 BOOKTITLE = {{$p$}-adic monodromy and the {B}irch and {S}winnerton-{D}yer
              conjecture ({B}oston, {MA}, 1991)},
    SERIES = {Contemp. Math.},
    VOLUME = {165},
     PAGES = {1--20},
 PUBLISHER = {Amer. Math. Soc., Providence, RI},
      YEAR = {1994},
}

@Incollection{Co,
author="Colmez, P.",
title="Z{\'e}ros suppl{\'e}mentaires de fonctions {L} p-adiques de formes modulaires",
booktitle="Algebra and Number Theory: Proceedings of the Silver Jubilee Conference University of Hyderabad",
year="2005",
publisher="Hindustan Book Agency",
pages="193--210",
isbn="978-93-86279-23-1",
doi="10.1007/978-93-86279-23-1_13",
url="https://doi.org/10.1007/978-93-86279-23-1_13"
}

@article {ChH,
    AUTHOR = {Chenevier, G. and Harris, M.},
     TITLE = {Construction of automorphic {G}alois representations, {II}},
   JOURNAL = {Camb. J. Math.},
  FJOURNAL = {Cambridge Journal of Mathematics},
    VOLUME = {1},
      YEAR = {2013},
    NUMBER = {1},
     PAGES = {53--73},
      ISSN = {2168-0930},
   MRCLASS = {11F80},
  MRNUMBER = {3272052},
MRREVIEWER = {Krzysztof Klosin},
       DOI = {10.4310/CJM.2013.v1.n1.a2},
       URL = {https://doi.org/10.4310/CJM.2013.v1.n1.a2},
}

@article {Shin,
    AUTHOR = {Shin, Sug Woo},
     TITLE = {Galois representations arising from some compact {S}himura
              varieties},
   JOURNAL = {Ann. of Math. (2)},
  FJOURNAL = {Annals of Mathematics. Second Series},
    VOLUME = {173},
      YEAR = {2011},
    NUMBER = {3},
     PAGES = {1645--1741},
      ISSN = {0003-486X},
   MRCLASS = {11F80 (11G18)},
  MRNUMBER = {2800722},
MRREVIEWER = {Peter Scholze},
       DOI = {10.4007/annals.2011.173.3.9},
       URL = {https://doi.org/10.4007/annals.2011.173.3.9},
}

@article {six,
    AUTHOR = {Caraiani, A. and Emerton, M. and Gee, T. and Geraghty,
              D. and Paskunas, V. and Shin, S. W.},
     TITLE = {Patching and the {$p$}-adic local {L}anglands correspondence},
   JOURNAL = {Camb. J. Math.},
  FJOURNAL = {Cambridge Journal of Mathematics},
    VOLUME = {4},
      YEAR = {2016},
    NUMBER = {2},
     PAGES = {197--287}
}

@article {EmGee,
    AUTHOR = {Emerton, M. and Gee, T.},
     TITLE = {A geometric perspective on the {B}reuil-{M}\'{e}zard conjecture},
   JOURNAL = {J. Inst. Math. Jussieu},
  FJOURNAL = {Journal of the Institute of Mathematics of Jussieu. JIMJ.
              Journal de l'Institut de Math\'{e}matiques de Jussieu},
    VOLUME = {13},
      YEAR = {2014},
    NUMBER = {1},
     PAGES = {183--223},
      ISSN = {1474-7480},
   MRCLASS = {11F33},
  MRNUMBER = {3134019},
MRREVIEWER = {Matteo Longo},
       DOI = {10.1017/S147474801300011X},
       URL = {https://doi.org/10.1017/S147474801300011X},
}

@article {Cass,
    AUTHOR = {Casselman, W.},
     TITLE = {On a {$p$}-adic vanishing theorem of {G}arland},
   JOURNAL = {Bull. Amer. Math. Soc.},
  FJOURNAL = {Bulletin of the American Mathematical Society},
    VOLUME = {80},
      YEAR = {1974},
     PAGES = {1001--1004},
      ISSN = {0002-9904},
   MRCLASS = {22E40 (20G10)},
  MRNUMBER = {354933},
MRREVIEWER = {Su-shing Chen},
       DOI = {10.1090/S0002-9904-1974-13611-6},
       URL = {https://doi.org/10.1090/S0002-9904-1974-13611-6},
}